@inproceedings{bierman2014understanding,
	title={Understanding typescript},
	author={Bierman, Gavin and Abadi, Mart{\'\i}n and Torgersen, Mads},
	booktitle={European Conference on Object-Oriented Programming},
	pages={257--281},
	year={2014},
	organization={Springer}
}

@article{ehrenfeucht1992angular,
	title={Angular 2-structures},
	author={Ehrenfeucht, Andrzej and Rozenberg, Grzegorz},
	journal={Theoretical Computer Science},
	volume={92},
	number={2},
	pages={227--248},
	year={1992},
	publisher={Elsevier}
}
